@book{james2013introduction,
    title={An introduction to statistical learning},
    author={James, Gareth and Witten, Daniela and Hastie, Trevor and Tibshirani, Robert},
    volume={112},
    year={2013},
    publisher={Springer}
}

@book{aggarwal2015data,
    title={Data mining: the textbook},
    author={Aggarwal, Charu C},
    year={2015},
    publisher={Springer}
}

@book{bishop2006pattern,
  title={Pattern recognition and machine learning},
  author={Bishop, Christopher M},
  year={2006},
  publisher={springer}
}

@article{platt1998sequential,
    title={{Sequential minimal optimization: A fast algorithm for training support vector machines}},
    author={Platt, John},
    year={1998}
}

@book{kowalczyk2017support,
    title={Support Vectors machines Succintly},
    author={Kowalczyk, Alexandre},
    year={2017},
    publisher={Syncfusion}
}

@article{scikit-learn,
    title={Scikit-learn: Machine Learning in {P}ython},
    author={Pedregosa, F. and Varoquaux, G. and Gramfort, A. and Michel, V.
            and Thirion, B. and Grisel, O. and Blondel, M. and Prettenhofer, P.
            and Weiss, R. and Dubourg, V. and Vanderplas, J. and Passos, A. and
            Cournapeau, D. and Brucher, M. and Perrot, M. and Duchesnay, E.},
    journal={Journal of Machine Learning Research},
    volume={12},
    pages={2825--2830},
    year={2011}
}

@inproceedings{sklearn_api,
    author    = {Lars Buitinck and Gilles Louppe and Mathieu Blondel and
                Fabian Pedregosa and Andreas Mueller and Olivier Grisel and
                Vlad Niculae and Peter Prettenhofer and Alexandre Gramfort
                and Jaques Grobler and Robert Layton and Jake VanderPlas and
                Arnaud Joly and Brian Holt and Ga{\"{e}}l Varoquaux},
    title     = {{API} design for machine learning software: experiences from the scikit-learn
                project},
    booktitle = {ECML PKDD Workshop: Languages for Data Mining and Machine Learning},
    year      = {2013},
    pages = {108--122},
}

@article{ma_ng_re_2009, 
    title={{CS 229, Autumn 2009 The Simplified SMO Algorithm}}, 
    author={Ma, Tengyu and Ng, Andrew and Ré, Chris}, 
    year={2009}
}
    
@inproceedings{anuita2013human,
    title={A Public Domain Dataset for Human Activity Recognition Using Smartphones.},
    authors={Davide Anguita, Alessandro Ghio, Luca Oneto, Xavier Parra and Jorge L. Reyes-Ortiz.},
    booktitle={21st European Symposium on Artificial Neural Networks, Computational Intelligence and Machine Learning}, 
    series={ESANN 2013.},
    address={Bruges, Belgium},
    year={24-26 April 2013.}
}

@misc{guillame2020,
    author = {Guillaume Lemaitre},
    title = {Multiclass classification strategies},
    year = {2020},
    publisher = {GitHub},
    journal = {GitHub repository},
    howpublished = {\url{https://github.com/scikit-learn/scikit-learn/blob/master/sklearn/multiclass.py}},
    commit = {2218ec46227c92301ac6837c4a8ae9b8dc5d3960}
}

@misc{scikitOVR, 
    title={OneVsRestClassifier}, 
    url={https://scikit-learn.org/stable/modules/generated/sklearn.multiclass.OneVsRestClassifier.html}, 
    journal={Scikit Learn}, 
    publisher={Scikit Learn}
} 

@article{brown2013activity,
    title={Activity Classification with Smartphone Data},
    author={Matt Brown, Trey Deitch, and Lucas O’Conor},
    year={2013}
}

@misc{bamtak,
    title={{GDA classifier}},
    author={{Tajudeen Kolawole}},
    howpublished={\url{https://github.com/bamtak/machine-learning-implemetation-python/blob/master/Multi%20Class%20Gaussian%20Discriminant%20Analyses.ipynb}}
}
